<record><leader>00000cas a22000007a 4500</leader><controlfield tag="001">4150249</controlfield><controlfield tag="008">780817d18321834ohumr ner     0    0eng  </controlfield><controlfield tag="009">589</controlfield><datafield ind1=" " ind2=" " tag="010"><subfield code="a">   20017869 </subfield></datafield><datafield ind1=" " ind2=" " tag="040"><subfield code="a">DLC</subfield><subfield code="b">eng</subfield><subfield code="c">AZU</subfield><subfield code="d">MQN</subfield><subfield code="d">OCL</subfield><subfield code="d">OCLCQ</subfield><subfield code="d">CRU</subfield><subfield code="d">CVN</subfield><subfield code="d">OCLCF</subfield><subfield code="d">OCLCA</subfield></datafield><datafield ind1="1" ind2="4" tag="050"><subfield code="a">BX8601</subfield><subfield code="b">.E9</subfield></datafield><datafield ind1=" " ind2="4" tag="082"><subfield code="a">289.3051</subfield></datafield><datafield ind1="0" ind2="0" tag="245"><subfield code="a">Evening and morning star.</subfield></datafield><datafield ind1="1" ind2="0" tag="246"><subfield code="a">Evening and the morning star</subfield></datafield><datafield ind1=" " ind2=" " tag="260"><subfield code="a">Kirtland, Ohio :</subfield><subfield code="b">F.G. Williams &amp; Co. :</subfield><subfield code="b">Oliver Cowdery,</subfield><subfield code="c">1835-1836.</subfield></datafield><datafield ind1=" " ind2=" " tag="300"><subfield code="a">v.</subfield></datafield><datafield ind1=" " ind2=" " tag="310"><subfield code="a">Monthly</subfield></datafield><datafield ind1="0" ind2=" " tag="362"><subfield code="a">Vol. 1, no. 1 (June 1832)-v. 2, no. 24 (Sept. 30, 1834).</subfield></datafield><datafield ind1=" " ind2=" " tag="500"><subfield code="a">Paged continuously.</subfield></datafield><datafield ind1=" " ind2=" " tag="500"><subfield code="a">A reprint published at Kirtland, Ohio, from Jan. 1835 to Oct. 1836; nos. 1-11 were published by F.G. Willians &amp; Co., nos. 12-24 by O. Cowdery. The numbers have dates and place of publication of original issue. Date of reprint is given at end of each number.</subfield></datafield><datafield ind1=" " ind2=" " tag="500"><subfield code="a">Originally published monthly: Independence, Mo. : W.W. Phelps &amp; Co., Jan. 1832-July 1833 ; Kirtland, Ohio : F.G. Williams &amp; Co., Dec. 1833-Aug. 1834.</subfield></datafield><datafield ind1=" " ind2=" " tag="520"><subfield code="a">The last issue of the original run of The Evening and the Morning Star also announced that all issues of the newspaper would be reprinted in a format that was easier to bind. The reprinted issues were then released sporadically between January 1835 and October 1836 and contained significant changes. The most obvious change was the shortened name, Evening and Morning Star. But there were also a large number of editorial changes, such as articles being rearranged within and among the different issues.</subfield></datafield><datafield ind1=" " ind2=" " tag="515"><subfield code="a">No numbers issued from Aug. to Nov. 1833.</subfield></datafield><datafield ind1=" " ind2="0" tag="650"><subfield code="a">Mormon Church</subfield><subfield code="v">Newspapers.</subfield></datafield><datafield ind1="2" ind2="0" tag="610"><subfield code="a">Church of Jesus Christ of Latter-day Saints</subfield><subfield code="v">Newspapers.</subfield></datafield><datafield ind1=" " ind2="7" tag="655"><subfield code="a">Newspapers.</subfield><subfield code="2">fast</subfield><subfield code="0">(OCoLC)fst01423814</subfield></datafield><datafield ind1="2" ind2="7" tag="610"><subfield code="a">Church of Jesus Christ of Latter-day Saints.</subfield><subfield code="2">fast</subfield><subfield code="0">(OCoLC)fst00549691</subfield></datafield><datafield ind1=" " ind2="7" tag="650"><subfield code="a">Mormon Church.</subfield><subfield code="2">fast</subfield><subfield code="0">(OCoLC)fst01026221</subfield></datafield><datafield ind1="0" ind2="2" tag="785"><subfield code="t">Latter-Day Saints messenger and advocate</subfield></datafield></record>